<?xml version="1.0" encoding="UTF-8"?><record xmlns="http://www.loc.gov/MARC21/slim" xmlns:cinclude="http://apache.org/cocoon/include/1.0" xmlns:zs="http://www.loc.gov/zing/srw/">
  <leader>00724cz  a2200169n  4500</leader>
  <controlfield tag="001">no 95048546 </controlfield>
  <controlfield tag="003">DLC</controlfield>
  <controlfield tag="005">20010321071553.0</controlfield>
  <controlfield tag="008">951012nc acannaabn          |a ana     c</controlfield>
  <datafield tag="010" ind1=" " ind2=" ">
    <subfield code="a">no 95048546 </subfield>
  </datafield>
  <datafield tag="035" ind1=" " ind2=" ">
    <subfield code="a">(OCoLC)oca03937136</subfield>
  </datafield>
  <datafield tag="040" ind1=" " ind2=" ">
    <subfield code="a">MoSU-L</subfield>
    <subfield code="b">eng</subfield>
    <subfield code="c">MoSU-L</subfield>
    <subfield code="d">OCoLC</subfield>
  </datafield>
  <datafield tag="110" ind1="1" ind2=" ">
    <subfield code="a">China.</subfield>
    <subfield code="t">Xian fa (1978).</subfield>
    <subfield code="l">English</subfield>
  </datafield>
  <datafield tag="410" ind1="1" ind2=" ">
    <subfield code="a">China.</subfield>
    <subfield code="t">Constitution of the People's Republic of China (1978)</subfield>
  </datafield>
  <datafield tag="410" ind1="1" ind2=" ">
    <subfield code="w">nnea</subfield>
    <subfield code="a">China.</subfield>
    <subfield code="t">Hsien fa (1978).</subfield>
    <subfield code="l">English</subfield>
  </datafield>
  <datafield tag="670" ind1=" " ind2=" ">
    <subfield code="a">Peking review, Mar. 17, 1978:</subfield>
    <subfield code="b">cover (The Constitution of the People's Republic of China) p. 5 (adopted on Mar. 5, 1978, by the 5th Nat'l People's Congress)</subfield>
  </datafield>
  <datafield tag="670" ind1=" " ind2=" ">
    <subfield code="a">LC data base, 10-10-95</subfield>
    <subfield code="b">(hdg.: China. (People's Republic of China, 1949- ). Constitution, 1978)</subfield>
  </datafield>
</record>